@article{BF,
	author = {R. Backhouse and J. F. Ferreira},
	title = {Recounting the rationals: twice!}
}

@article{BH,
	author = {J. I. Brown and C. A. Hickman},
	title = {On chromatic roots of large subdivisions of graphs},
	journal = {Discrete Math.},
	volume = {242},
	year = {2002},
	pages = {17--30}
}

@article{BHSW,
	author = {J. I. Brown and C. Hickman and A. D. Sokal and D. G. Wagner},
	title = {On the chromati croots of generalized theta graphs},
	journal = {J. Combin. Theory Ser. B},
	volume = {83},
	number = {2},
	year = {2001},
	pages = {272--297}
}

@incollection{BO,
	author = {T. H. Brylawski and J. G. Oxley},
	title = {The {T}utte polynomial and its applications},
	editor = {N. White},
	booktitle = {Matroid Applications},
	series = {Encycl. Math. Appl.},
	volume = {40},
	publisher = {Cambridge Univ. Press},
	year = {1992},
    pages = {123--225}
}

@article{CW,
	author = {N. Calkin and H. S. Wilf},
	title = {Recounting the rationals},
	journal = {Amer. Math. Monthly},
	volume = {107},
	number = {4},
	year = {2000},
	pages = {360--363}
}